@misc{ microsoft_kinect_namespace,
  author =      {Microsoft},
  title =       {WindowsPreview.Kinect Namespace},
  year =        2015,
  note =        {url{https://msdn.microsoft.com/en-us/library/jj131033.aspx}},
}

@misc{ microsoft_kinect_coordinates,
  author =      {Microsoft},
  title =       {Coordinate mapping},
  year =        2015,
  note =        {\url{https://msdn.microsoft.com/en-us/library/dn785530.aspx}},
}

@inproceedings{ wei_kinect_calibration,
  author =      {Wei, T. and Qiao, Y. and Lee, B.},
  title =       {Kinect Skeleton Coordinate Calibration for Remote Physical Training},
  publisher =   {IARIA},
  booktitle =   {The Sixth International Conferences on Advances in Multimedia},
  series =      {MMEDIA '14},
  year =        2014,
  isbn =        {978-1-61208-320-9},
  location =    {Nice, France},
  pages =       {66--71},
  numpages =    6,
  url =         {http://www.thinkmind.org/index.php?view=article&articleid=mmedia_2014_4_20_50039},
  keywords =    {CKinect skeleton coordinate, calibration, remote physical training, interactive multimedia},
}

@article{ eggert_four_algorithms,
  author =       {Eggert, D.W. and Lorusso, A. and Fisher, R.B.},
  title =        {Estimating 3-D rigid body transformations: a comparison of four major algorithms},
  journal =      {Machine Vision and Applications},
  publisher =    {Springer Verlag},
  year =         1997,
  volume =       9,
  number =       {5-6},
  pages =        {272-290},
  doi =          {10.1007/s001380050048},
  issn =         {0932-8092},
  url =          {http://link.springer.com/article/10.1007/s001380050048},
}

@article{ horn_unit_quaternions,
  author =       {Horn, B.K.},
  title =        {Closed-form solution of absolute orientation using unit quaternions},
  journal =      {Journal of the Optical Society of America A},
  publisher =    {JOSA A},
  year =         1987,
  volume =       5,
  number =       5,
  pages =        {629-642},
  url =          {http://dx.doi.org/10.1364/JOSAA.4.000629},
}