@article{prm,
    author={Kavraki, L.E. and Svestka, P. and Latombe, J.-C. and Overmars, M.H.},
    journal={Robotics and Automation, IEEE Transactions on},
    title={Probabilistic roadmaps for path planning in high-dimensional configuration spaces},
    year={1996},
    month={Aug},
    volume={12},
    number={4},
    pages={566-580},
    doi={10.1109/70.508439},
    ISSN={1042-296X}
}

@article{edmonds,
    author = {Edmonds, Jack},
    year = {1967},
    month = {November},
    title = {Optimum Branching},
    journal = {Journal OF Research of the National Bureau of Standards}
}

@article{prim,
    author = {Prim, R. C.},
    title = {Shortest connection networks and some generalizations},
    journal = {Bell System Technical Journal},
    volume = {36},
    year = {1957},
    pages = {1389–1401}
}

@article{kruskal,
    author = {Kruskal, J. B.},
    year = {1956},
    title = {On the shortest spanning subtree of a graph and the traveling salesman problem},
    journal = {Proceedings of the American Mathematical Society},
    volume = {7},
    pages = {48–50}
}

@article{dijkstra,
    year={1959},
    journal={Numerische Mathematik},
    volume={1},
    number={1},
    title={A note on two problems in connexion with graphs},
    author={Dijkstra, E.W.},
    pages={269-271}
}

@ARTICLE{astar,
    author={Hart, P.E. and Nilsson, N.J. and Raphael, B.},
    journal={Systems Science and Cybernetics, IEEE Transactions on},
    title={A Formal Basis for the Heuristic Determination of Minimum Cost Paths},
    year={1968},
    month={July},
    volume={4},
    number={2},
    pages={100-107}
}

@article{rrt,
    title={Rapidly-Exploring Random Trees A New Tool for Path Planning},
    author={LaValle, Steven M},
    year={1998}
}

@inproceedings{est,
  title={Guided expansive spaces trees: A search strategy for motion-and cost-constrained state spaces},
  author={Phillips, Jeff M and Bedrossian, Nazareth and Kavraki, EE},
  booktitle={Robotics and Automation, 2004. Proceedings. ICRA'04. 2004 IEEE International Conference on},
  volume={4},
  pages={3968--3973},
  year={2004},
  organization={IEEE}
}

@article{bestfs,
  title={Linear-space best-first search},
  author={Korf, Richard E},
  journal={Artificial Intelligence},
  volume={62},
  number={1},
  pages={41--78},
  year={1993},
  publisher={Elsevier}
}

@inproceedings{pf,
  title={Potential field methods and their inherent limitations for mobile robot navigation},
  author={Koren, Yoram and Borenstein, Johann},
  booktitle={Robotics and Automation, 1991. Proceedings., 1991 IEEE International Conference on},
  pages={1398--1404},
  year={1991},
  organization={IEEE}
}

@incollection{wallar_taros_2013,
  title={Path planning for swarms by combining probabilistic roadmaps and potential fields},
  author={Wallar, Alex and Plaku, Erion},
  booktitle={Towards Autonomous Robotic Systems},
  pages={417--428},
  year={2014},
  publisher={Springer}
}

@inproceedings{wallar_ssci_2014_boids,
  title={Path planning for swarms in dynamic environments by combining probabilistic roadmaps and potential fields},
  author={Wallar, Alex and Plaku, Erion},
  booktitle={Swarm Intelligence (SIS), 2014 IEEE Symposium on},
  pages={1--8},
  year={2014},
  organization={IEEE}
}

@Article{matplotlib,
  Author    = {Hunter, J. D.},
  Title     = {Matplotlib: A 2D graphics environment},
  Journal   = {Computing In Science \& Engineering},
  Volume    = {9},
  Number    = {3},
  Pages     = {90--95},
  abstract  = {Matplotlib is a 2D graphics package used for Python
  for application development, interactive scripting, and
  publication-quality image generation across user
  interfaces and operating systems.},
  publisher = {IEEE COMPUTER SOC},
  year      = 2007
}

@inproceedings{ros,
  title={ROS: an open-source Robot Operating System},
  author={Quigley, Morgan and Conley, Ken and Gerkey, Brian and Faust, Josh and Foote, Tully and Leibs, Jeremy and Wheeler, Rob and Ng, Andrew Y},
  booktitle={ICRA workshop on open source software},
  volume={3},
  number={3.2},
  pages={5},
  year={2009}
}

@misc{dodger,
    title = {Dodger: Path Planning in Stochastic Dynamic Environments in C++},
    author = {Wallar, Alex},
    year = {2015},
    howpublished = {\url{https://github.com/wallarelvo/Dodger}}
}

@misc{racer,
    title = {Racer: Path Planning in Stochastic Dynamic Environments in Python},
    author = {Wallar, Alex},
    year = {2015},
    howpublished = {\url{https://github.com/wallarelvo/racer}}
}

@inproceedings{sipp,
  title={Sipp: Safe interval path planning for dynamic environments},
  author={Phillips, Mike and Likhachev, Maxim},
  booktitle={Robotics and Automation (ICRA), 2011 IEEE International Conference on},
  pages={5628--5635},
  year={2011},
  organization={IEEE}
}

@inproceedings{asipp,
  title={Anytime safe interval path planning for dynamic environments},
  author={Narayanan, Venkatraman and Phillips, Mike and Likhachev, Maxim},
  booktitle={Intelligent Robots and Systems (IROS), 2012 IEEE/RSJ International Conference on},
  pages={4708--4715},
  year={2012},
  organization={IEEE}
}

@INPROCEEDINGS{stprm,
    author={Alankus, G. and Atay, N. and Chenyang Lu and Bayazit, O.B.},
    booktitle={Intelligent Robots and Systems, 2005. (IROS 2005). 2005 IEEE/RSJ International Conference on},
    title={Spatiotemporal query strategies for navigation in dynamic sensor network environments},
    year={2005},
    month={Aug},
    pages={3718-3725},
}

@misc{skynet,
    title = {{Skynet: 5 Things You Didn't Know}},
    author = {McKee, Ryan},
    howpublished = {\url{http://uk.askmen.com/entertainment/special_feature_300/339_skynet-5-things-you-didnt-know.html}}
}

@incollection{weir,
    year={2006},
    isbn={978-3-540-38608-7},
    booktitle={From Animals to Animats 9},
    volume={4095},
    series={Lecture Notes in Computer Science},
    editor={Nolfi, Stefano and Baldassarre, Gianluca and Calabretta, Raffaele and Hallam, JohnC.T. and Marocco, Davide and Meyer, Jean-Arcady and Miglino, Orazio and Parisi, Domenico},
    doi={10.1007/11840541_20},
    title={POTBUG: A Mind’s Eye Approach to Providing BUG-Like Guarantees for Adaptive Obstacle Navigation Using Dynamic Potential Fields},
    url={http://dx.doi.org/10.1007/11840541_20},
    publisher={Springer Berlin Heidelberg},
    author={Weir, Michael and Buck, Anthony and Lewis, Jon},
    pages={239-250},
    language={English}
}

@INPROCEEDINGS{rus,
    author={Sung, C. and Feldman, D. and Rus, D.},
    booktitle={Intelligent Robots and Systems (IROS), 2012 IEEE/RSJ International Conference on},
    title={Trajectory clustering for motion prediction},
    year={2012},
    month={Oct},
    pages={1547-1552},
    doi={10.1109/IROS.2012.6386017},
    ISSN={2153-0858}}

@article{cmu,
    title={Learning and Predicting Moving Object Trajectory: a piecewise trajectory segment approach},
    author={Choi, Patrick Pakyan and Hebert, Martial},
    journal={Robotics Institute},
    pages={337},
    year={2006}
}

@article{boulder,
    title={Mobility modeling, location tracking, and trajectory prediction in wireless ATM networks},
    author={Liu, Tong and Bahl, Paramvir and Chlamtac, Imrich},
    journal={Selected Areas in Communications, IEEE Journal on},
    volume={16},
    number={6},
    pages={922--936},
    year={1998},
    publisher={IEEE}
}

@inproceedings{edi1,
    title={Multiscale Topological Trajectory Classification with Persistent Homology},
    author={Pokorny, Florian T and Hawasly, Majd and Ramamoorthy, Subramanian},
    booktitle={Robotics: Science and Systems X},
    year={2014}
}

@article{edi2,
    author = {Pokorny, F.T and Hawasly, M and Ramamoorthy, S},
    title = {Topological trajectory classification with filtrations of simplicial complexes and persistent homology},
    journal = {International Journal of Robotics Research},
    year = {2015}}

@book{lavalle,
    title={Planning algorithms},
    author={LaValle, Steven M},
    year={2006},
    publisher={Cambridge university press}
}

@book{choset,
    title={Principles of robot motion: theory, algorithms, and implementation},
    author={Choset, Howie M},
    year={2005},
    publisher={MIT press}}

@article{vis,
    author = {Lozano-P{\'e}rez, Tom\'{a}s and Wesley, Michael A.},
    title = {An Algorithm for Planning Collision-free Paths Among Polyhedral Obstacles},
    journal = {Commun. ACM},
    issue_date = {Oct. 1979},
    volume = {22},
    number = {10},
    month = oct,
    year = {1979},
    issn = {0001-0782},
    pages = {560--570},
    numpages = {11},
    url = {http://doi.acm.org/10.1145/359156.359164},
    doi = {10.1145/359156.359164},
    acmid = {359164},
    publisher = {ACM},
    address = {New York, NY, USA},
    keywords = {collision-free paths, graph searching, growing objects, path finding, polyhedral objects, polyhedral obstacles},
} 

@article{manifesto,
    title={The agile manifesto},
    author={Fowler, Martin and Highsmith, Jim},
    journal={Software Development},
    volume={9},
    number={8},
    pages={28--35},
    year={2001},
    publisher={[San Francisco, CA: Miller Freeman, Inc., 1993-}
}
