@misc{ kinect_sensor_specs,
   author = "Microsoft",
   title = "WindowsPreview.Kinect Namespace",
   year = "2015",
   url = "\url{https://msdn.microsoft.com/en-us/library/jj131033.aspx}",
   note = "[Online; accessed 6-February-2015]"
}

@misc{ kinect_coordinate_space,
   author = "Microsoft",
   title = "Coordinate mapping",
   year = "2015",
   url = "\url{https://msdn.microsoft.com/en-us/library/dn785530.aspx}",
   note = "[Online; accessed 6-February-2015]"
}