@article{track_rgbd,
  title = {{Tracking people within groups with RGB-D data}},
  author = {Munaro, M. and Basso, F. and Menegatti, E.},
  journal = "Intelligent Robots and Systems (IROS), IEEE/RSJ International Conference on",
  year = 2012,
  pages = "2101-2107"
}

@incollection{w4s,
	author	= "Haritaoglu, I. and Harwood, D. and Davis, L.S.",
	title	= "W4S: A real-time system for detecting and tracking people in 2 1/2 D",
	booktitle= "Computer Vision â€” ECCV 1998",
	publisher= "Springer Berlin Heidelberg",
	pages	= "877-892",
	year	= 1998,
}

@article{track_robust,
  title = {{Real time robust human detection and tracking system}},
  author = {Zhou, J. and Hoang, J.},
  journal = "In Computer Vision and Pattern Recognition-Workshops",
  year = 2005,
  pages = "149-149"
}

@incollection{surveillance,
	author	= "Fuentes, L. M. and Velastin, S. A.",
	title	= "People tracking in surveillance applications",
	booktitle= "Image and Vision Computing",
	publisher= "Springer Berlin Heidelberg",
	volume	= "24",
	series	= "11",
	pages	= "1165-1171",
	year	= 2006,
}

@article{mobile,
  title = {{Detecting and tracking people using an rgb-d camera via multiple detector fusion}},
  author = {Choi, W. and Pantofaru, C. and Savarese, S},
  journal = "In Computer Vision Workshops (ICCV Workshops), IEEE International Conference on",
  year = 2011,
  pages = "1076-1083"
}

@article{facial_animation,
  title = {{Realtime performance-based facial animation}},
  author = {Weise, T. and Bouaziz, S. and Li, H. and Pauly, M},
  journal = "ACM Transactions on Graphics (TOG)",
  year = 2011,
  volume = "30",
  series = "4",
  number = "77"
}